@book{marker, 
    author    = {David Marker},
    title     = {Model Theory - an Introduction},
    publisher = {Springer},
}

@book{poizat, 
    author    = {Bruno Poizat},
    title     = {A Course in Model Theory},
    publisher = {Springer},
}

@book{tent, 
    author    = {K. Tent, M. Ziegler},
    title     = {A Course in Model Theory},
    publisher = {Cambridge University Press},
}

@book{buechler, 
    author    = {Steven Buechler},
    title     = {Essential Stability Theory},
    publisher = {Springer},
}

@online{openlogicproject,
  title = {Open Logic Project},
  howpublished = "\url{http://builds.openlogicproject.org/}",
  urldate = {2020-07}
}

@article{pillay, 
  author    = {Anand Pillay},
  title     = {Lecture notes - Model Theory},
  year = {2002},
   owpublished = "\url{https://www3.nd.edu/~apillay/pdf/lecturenotes_modeltheory.pdf}",
  urldate = {2020-07}
}

@book{atiyah, 
    author    = {M.F. Atiyah and I.G. Macdonald},
    title     = {Introduction to Commutative Algebra},
    year      = {2018},
    publisher = {CRC Press},
    address   = {6000 Broken Sound Parkway NW, Suite 300}
}

@book{hungerford,
  author         = {Thomas W. Hungerford},
  title          = {Algebra},
  publisher      = {Springer},
}

@online{stack0,
  title = {Stack Exchange - Locally finite fields},
  howpublished = "\url{https://math.stackexchange.com/questions/633473/locally-finite-field}",
  urldate = {2020-07}
}

@online{wiki0,
  title = {Wikipedia - Boolean Algebras},
   howpublished = "\url{https://en.wikipedia.org/wiki/Boolean_algebra}",
  urldate = {2020-07}
}

@book{jech,
  author         = {Thomas Jech},
  title          = {Set Theory},
  publisher      = {Springer},
}

@online{fandom0,
  title = {Model Theory Wiki - Definable and algebraic closure},
  howpublished = "\url{https://modeltheory.fandom.com/wiki/Definable_and_algebraic_closure#Dcl_and_acl_are_finitary_closure_operators}",
  urldate = {2020-08}
}

@online{henson,
  author = {Ward Henson}
  title = {Model Theory, Spring 2008},
  howpublished = "\url{https://faculty.math.illinois.edu/~henson/Math571/Spring2008/10revised.pdf}",
  urldate = {2020-08}
}

@book{hodges,
  author         = {Wilfrid Hodges},
  title          = {A Shorter Model Theory},
  publisher      = {Cambridge University Press},
  year           = {1997}
}

@online{viswanathan,
  title = {Finite Model Theory - Mahesh Viswanathan},
  howpublished = "\url{https://courses.engr.illinois.edu/cs498mv/fa2018/FMT.pdf}",
  urldate = {2020-08}
}

@online{wiki1,
  title = {Proof Wiki - KÃ¶nig's Tree Lemma},
  howpublished = "\url{https://proofwiki.org/wiki/K%C3%B6nig%27s_Tree_Lemma}",
  urldate = {2020-08}
}
